<record><leader>00000cas a22000007a 4500</leader><controlfield tag="001">10345437</controlfield><controlfield tag="008">840127d18291830meuwr ne      0    0eng d</controlfield><datafield ind1=" " ind2=" " tag="010"><subfield code="a">sn 84022336 </subfield></datafield><datafield ind1=" " ind2=" " tag="040"><subfield code="a">NPX</subfield><subfield code="b">eng</subfield><subfield code="c">NPX</subfield><subfield code="d">NPU</subfield><subfield code="d">MBN</subfield><subfield code="d">OCL</subfield><subfield code="d">OCLCQ</subfield><subfield code="d">OCLCF</subfield><subfield code="d">OCLCO</subfield></datafield><datafield ind1="1" ind2=" " tag="029"><subfield code="a">AU@</subfield><subfield code="b">000020128890</subfield></datafield><datafield ind1=" " ind2=" " tag="042"><subfield code="a">msc</subfield></datafield><datafield ind1=" " ind2=" " tag="043"><subfield code="a">n-us-me</subfield></datafield><datafield ind1="0" ind2="0" tag="245"><subfield code="a">Eastern galaxy &amp; B. herald.</subfield></datafield><datafield ind1="1" ind2="3" tag="246"><subfield code="a">Baptist herald</subfield></datafield><datafield ind1="1" ind2="3" tag="246"><subfield code="a">Eastern galaxy and B. herald</subfield></datafield><datafield ind1="1" ind2="3" tag="246"><subfield code="a">Eastern galaxy and herald</subfield><subfield code="f">May 5, 1830-Aug. 16, 1830</subfield></datafield><datafield ind1=" " ind2=" " tag="260"><subfield code="a">Brunswick, Me. :</subfield><subfield code="b">[Joseph Griffin]</subfield></datafield><datafield ind1=" " ind2=" " tag="300"><subfield code="a">v. ;</subfield><subfield code="c">53 cm.</subfield></datafield><datafield ind1=" " ind2=" " tag="310"><subfield code="a">Weekly</subfield></datafield><datafield ind1="0" ind2=" " tag="362"><subfield code="a">Vol. 6, no. 13 (Sept. 16, 1829)-v. 7, no. 6 (Aug. 16, 1830).</subfield></datafield><datafield ind1=" " ind2="0" tag="651"><subfield code="a">Brunswick (Me.)</subfield><subfield code="v">Newspapers.</subfield></datafield><datafield ind1=" " ind2="7" tag="655"><subfield code="a">Newspapers.</subfield><subfield code="2">fast</subfield><subfield code="0">(OCoLC)fst01423814</subfield></datafield><datafield ind1=" " ind2="7" tag="651"><subfield code="a">Maine</subfield><subfield code="z">Brunswick.</subfield><subfield code="2">fast</subfield><subfield code="0">(OCoLC)fst01214654</subfield></datafield><datafield ind1=" " ind2=" " tag="752"><subfield code="a">United States</subfield><subfield code="b">Maine</subfield><subfield code="c">Cumberland</subfield><subfield code="d">Brunswick.</subfield></datafield><datafield ind1="0" ind2="0" tag="780"><subfield code="t">Baptist herald</subfield><subfield code="w">(DLC)sn 95067845</subfield></datafield><datafield ind1="0" ind2="4" tag="785"><subfield code="a">Brunswick journal</subfield><subfield code="w">(DLC)sn 84022338</subfield></datafield></record>